9709 16609
1862 7492 2369 7559 Exrnuiiitnrncis.
2534 7517 2564 7565 75

1655 7589 1774 7657 perposito,
1779 7589 1861 7641 intense
1866 7590 1954 7641 rubrum
1960 7590 2030 7641 eflicit
2039 7614 2045 7649 ς
2057 7608 2102 7640 coe·
2111 7606 2112 7641 ξ
2122 7590 2164 7635 n're
2171 7624 2178 7645 ,
2184 7606 2232 7656 qua
2237 7595 2345 7658 majorem
2351 7590 2452 7649 habuerit
2457 7592 2566 7655 radiorum

1654 7659 1796 7709 tuleumcum
1803 7661 1866 7710 viridi
1878 7678 2028 7728 pavonaceum
2040 7660 2101 7709 colo
2109 7670 2112 7717 j
2121 7653 2320 7723 constipationem,
2337 7668 2360 7711 u
2372 7660 2529 7731 consequenter
2539 7679 2566 7711 ex

1654 7744 1701 7775 rem
1711 7721 1829 7794 generabit.
1845 7732 1881 7777 Sic
1893 7746 1937 7793 non
1949 7729 1993 7779 sine
2004 7729 2100 7778 maximia
2109 7730 2111 7789 ζ
2120 7727 2217 7773 unitione
2229 7733 2323 7795 partium
2340 7734 2445 7798 majorem
2457 7731 2564 7789 colorem,

1655 7798 1722 7845 animi
1733 7799 1845 7865 voluptate
1855 7794 1939 7843 videbis
1950 7813 1977 7844 ex
1987 7797 2099 7845 combina.
2109 7798 2110 7804 ’
2119 7808 2172 7841 tunc
2183 7792 2234 7843 vero
2244 7797 2373 7848 imbecillius
2382 7817 2446 7865 agere
2451 7803 2474 7847 in
2480 7800 2564 7855 oculos,

1655 7866 1714 7926 tione
1725 7868 1831 7913 vitrorum
1842 7862 1991 7911 coloratorum
2002 7866 2055 7914 alios
2067 7880 2099 7912 at.
2108 7870 2110 7889 ff
2119 7862 2171 7913 curti
2177 7865 2283 7927 majorem
2288 7866 2387 7915 habuerit
2392 7868 2501 7931 podiorum
2507 7866 2563 7916 diss.

1583 7940 1696 7998 matreque
1706 7932 1760 7980 alios
1771 7931 1856 7979 colores
1866 7927 1930 7978 nasci.
1947 7929 1994 7979 Ubi
2005 7934 2099 7981 maximi
2108 7929 2230 7995 {parionem
2241 7968 2248 7989 ,
2264 7939 2286 7981 &
2296 7934 2452 8004 consequenter
2461 7933 2562 7985 dissoluti

1566 7983 1650 8063 maii,
1654 7998 1795 8048 admiratione
1800 7998 1890 8065 dignum
1897 7994 1935 8063 est,
1941 7998 2026 8047 radium
2032 8004 2098 8048 etiam
2108 8000 2320 8057 jumone‚minorem
2326 8006 2432 8068 colorem.
2443 8006 2503 8052 Hinc
2509 8007 2562 8069 cum

1564 8067 1819 8147 ffl'sreflerurnvitra
1830 8084 1875 8115 non
1886 8065 2045 8123 transeuntem,
2056 8072 2098 8115 mi.
2117 8064 2216 8115 tenebras
2222 8070 2389 8131 intei&lucem,
2394 8071 2563 8124 calorem&sti-

1566 8126 1635 8191 iugem?
1654 8131 1734 8181 sturam
1742 8150 1815 8183 tamen
1821 8135 1900 8184 coloris
1906 8133 2024 8194 assumere,
2038 8152 2097 8184 earn.
2116 8150 2168 8199 gus,
2177 8133 2255 8183 infiniti
2261 8136 2316 8204 perse
2321 8140 2398 8206 gradus
2404 8141 2459 8197 sint,
2470 8139 2561 8189 diversas

1653 8219 1696 8269 que
1708 8206 1798 8252 tinctam
1809 8207 1832 8252 in
1849 8222 1935 8253 murum
1952 8220 2094 8273 repercutere.
2104 8200 2108 8271 ξ
2115 8219 2205 8270 quoque
2217 8204 2315 8255 flammas
2327 8208 2362 8257 seu
2373 8210 2431 8273 luces
2443 8207 2489 8258 fieri
2498 8212 2560 8276 juxta

1652 8274 1734 8319 lterum
1742 8270 1810 8341 siquis
1816 8271 1916 8321 intensius
1927 8272 1995 8323 solem
2007 8275 2095 8321 intuitus
2104 8272 2107 8317 l
2116 8270 2220 8319 diversam
2233 8276 2361 8325 tenuitatem
2373 8282 2525 8347 raritatemque
2536 8282 2560 8327 in
2585 8306 2586 8309 =

1651 8337 2096 8408 ruent,&deindesediveneiitinobjecta
2115 8338 2347 8392 mediooemrrentem
2359 8364 2364 8393 ε
2377 8345 2560 8409 albestum-

1651 8406 1778 8465 tenebrosa,
1788 8412 1805 8458 is
1811 8408 2031 8477 primoomniaalba,
2042 8428 2096 8458 mox
2104 8409 2106 8467 ζ
2115 8405 2275 8468 brae,coetuleae,
2281 8414 2562 8480 aureae,purpureae,virides,

1651 8475 1804 8534 flava,deinde
1810 8477 1882 8534 rubra,
1889 8477 1963 8545 postea
1968 8479 2052 8537 viridia,
2058 8478 2096 8526 de.
2104 8470 2107 8543 l
2116 8481 2138 8523 δε
2150 8480 2248 8545 proprius
2259 8479 2349 8547 quidem
2362 8482 2416 8544 lueis
2427 8481 2490 8529 color
2500 8480 2562 8530 albus

1650 8546 1717 8612 nique
1729 8548 1841 8605 coerulea,
1858 8547 1929 8595 donec
1940 8547 1994 8597 visus
2006 8550 2096 8615 proprio
2104 8543 2106 8591 l
2115 8541 2208 8612 est,'qui
2213 8546 2308 8616 conspici
2313 8546 2366 8597 solet
2371 8552 2394 8597 in
2399 8548 2443 8597 sole
2448 8556 2497 8597 ae're
2502 8548 2563 8598 dese-

1650 8609 1908 8673 statuisueritrestitutus,
1919 8614 1963 8664 visu
1973 8619 2096 8683 proportio
2104 8648 2106 8673 ‚
2115 8611 2234 8673 eatiffimo,
2246 8619 2303 8663 &in
2315 8616 2404 8681 flammai
2416 8634 2466 8665 cam
2482 8615 2560 8668 husee:

1650 8697 1679 8727 ne
1690 8684 1781 8732 naturali
1793 8684 1873 8733 exluce
1880 8686 1982 8733 nimirum
1990 8701 2028 8752 per
2034 8685 2096 8733 colo-
2104 8676 2106 8731 l
2115 8680 2153 8730 hic
2158 8682 2268 8750 diaphano
2280 8683 2373 8735 densiori
2380 8684 2455 8749 mistus
2461 8636 2563 8745 dedatur,

1650 8764 1684 8796 res
1696 8748 1778 8811 dictos,
1789 8755 1812 8801 in
1821 8756 1908 8818 nigrum
1914 8752 2058 8819 degenerante
2063 8756 2096 8801 in-
2104 8746 2106 8821 ζ
2115 8756 2138 8799 &
2147 8750 2179 8799 ad
2189 8754 2276 8817 nigrum
2281 8751 2441 8822 obscurumque
2446 8758 2522 8821 agitur.
2540 8758 2563 8804 Si

1650 8814 1751 8867 tuebitur.
2103 8820 2562 8903 pigitutcolorfiieritinrenspsinmediote-

1684 8885 1784 8935 Secundo
1795 8892 1869 8955 accipe
1883 8893 1962 8937 vitrum
1967 8890 2095 8956 triangulare
2104 8904 2107 8937 r
2115 8885 2215 8937 nuisfimo
2225 8889 2349 8939 lucidorum
2356 8909 2489 8959 corporum,
2500 8892 2563 8941 color

1649 8950 1685 8999 seu
1701 8956 1724 9001 in
1740 8953 1843 9021 prismatis
1860 8954 1955 9001 sormam
1969 8938 2107 9014 conflatum,[
2117 8959 2158 9003 erit
2174 8956 2311 9008 lucidissimus
2324 8981 2330 9017 5
2348 8958 2364 9009 fi
2379 8964 2474 9023 minimo
2488 8961 2563 9013 colore

1650 9036 1687 9068 aut
1697 9020 1843 9087 quodcunque
1859 9037 1938 9085 corpus
1954 9024 2047 9070 vitreum
2061 9039 2098 9069 an-
2118 9019 2229 9069 constatin
2235 9026 2310 9072 medio
2316 9026 2565 9089 crassissimo,colorerit

1650 9088 1724 9151 gulare
1738 9110 1743 9142 ς
1762 9104 1799 9153 per
1815 9087 1877 9154 quod
1895 9086 1937 9135 sive
1953 9088 2013 9135 radio
2025 9087 2099 9147 visivo,
2119 9085 2300 9148 umbrofissimus,
2312 9097 2335 9137 &
2345 9095 2417 9141 vicinis
2426 9095 2519 9143 tenebris
2528 9099 2564 9145 vix

1649 9152 1694 9202 sive
1706 9154 1788 9202 reflexo
1799 9171 1837 9203 aut
1848 9154 1944 9213 ducato,
1955 9153 2005 9204 solis
2012 9154 2100 9223 objesta
2119 9152 2273 9224 visibilis,qnae
2279 9156 2370 9223 pulchre
2375 9159 2457 9222 dpcent
2462 9160 2523 9231 supra
2528 9163 2566 9210 de.

1650 9219 1813 9271 observaveris:
1832 9221 1891 9272 certe
1907 9223 1987 9274 eodem
2003 9224 2099 9292 quadru.
2120 9222 2201 9273 clarata
2212 9228 2371 9293 experimenta.
2389 9229 2485 9297 ,Reliqui
2501 9233 2566 9279 inter-

1650 9290 1705 9357 plici
1716 9292 1816 9340 colorum
1827 9309 1907 9359 genere
1919 9296 1987 9341 tinda
1997 9297 2096 9361 reperies.
2119 9291 2187 9341 medii
2193 9293 2277 9343 colores
2283 9293 2401 9346 secundum
2406 9298 2500 9365 gradum
2506 9300 2566 9348 calo-

1651 9362 1736 9408 Itemm
1747 9362 1769 9409 in
1780 9359 1882 9410 omnibus
1894 9360 1971 9428 phialis
1982 9364 2099 9412 circaeon·
2119 9364 2146 9409 ris
2157 9378 2184 9410 ac
2195 9361 2323 9424 densitatis,
2340 9365 2491 9435 tenuitatispue
2497 9368 2566 9418 medii

1652 9425 1734 9476 finium?
1742 9445 1803 9496 aquae
1815 9465 1822 9487 ,
1838 9435 1861 9477 &
1872 9433 1927 9479 aeris
1938 9429 2027 9479 eosdem
2038 9432 2099 9481 colo-
2120 9448 2178 9479 nunc
2188 9430 2245 9490 luci,
2257 9451 2316 9481 nunc
2325 9433 2416 9497 tenebris
2425 9438 2496 9505 magis
2502 9452 2565 9484 acce·

1651 9513 1685 9544 res
1697 9496 1788 9557 notabis.
1813 9500 1855 9547 His
1866 9501 1939 9567 itaque
1949 9497 2024 9567 positis
2034 9517 2098 9568 expe
2119 9497 2180 9546 dunt.
2197 9502 2257 9547 Hinc
2268 9501 2353 9550 colores
2358 9505 2395 9570 qui
2401 9505 2472 9551 minus
2478 9502 2506 9551 ab
2511 9521 2565 9572 opa-

1651 9568 1757 9624 timentis,
2118 9582 2146 9613 co
2158 9569 2279 9634 patiuntur,
2291 9567 2343 9617 albo
2354 9573 2480 9637 propiores,
2492 9588 2565 9621 remo-

1498 9636 1501 9693 J
1573 9644 1646 9694 nausti:
1686 9636 1746 9682 Dico
1758 9632 1828 9701 primii
1834 9634 1919 9683 colores
1931 9633 1996 9684 hosce
2008 9634 2064 9684 nihil
2075 9652 2097 9683 a.
2117 9636 2183 9682 tiores
2193 9634 2257 9691 vero,
2268 9636 2448 9703 quandoirpedii
2456 9642 2565 9705 opacitate

1563 9688 1637 9761 {m}
1652 9699 1817 9769 liudessequini
1824 9702 1897 9751 lucem
1904 9706 2050 9761 imminutam,
2057 9702 2098 9751 soe-
2117 9702 2286 9769 pluspatiuntur.
2300 9708 2361 9753 Cum
2368 9708 2566 9773 igiturinvitroan.

1563 9780 1634 9813 apparea
1651 9768 1777 9837 datamque,
1782 9786 1846 9838 atque
1852 9768 1907 9818 adeo
1912 9769 1955 9819 esse
1961 9769 2061 9819 tenebras
2066 9774 2098 9819 in-
2117 9768 2250 9835 gularivaria
2261 9769 2287 9820 sit
2298 9772 2367 9821 medii
2378 9773 2565 9843 diaphaniconsti.

1498 9836 1501 9839 ἶ
1564 9820 1589 9847 ‘²³'
1651 9837 2098 9907 teratquelucemmedios.Qiaeutintel-
2117 9840 2193 9897 tutio,
2209 9844 2232 9886 &
2248 9840 2313 9889 aliam
2330 9858 2395 9910 arque
2405 9844 2471 9892 aliam
2484 9843 2564 9895 habeat

1650 9906 1872 9972 liganturmotandum
1878 9904 1985 9955 estlucem
1991 9911 2098 9973 integram
2117 9909 2211 9974 partium
2222 9906 2403 9976 constipationem
2413 9949 2421 9971 ,
2437 9912 2476 9961 lux
2486 9917 2506 9962 ei
2515 9914 2563 9964 illa.

1651 9980 1674 10022 &
1681 9972 2098 10043 persectamsierinonpossemisimaxi-
2116 9972 2152 10041 psa
2163 9974 2296 10045 resradaque
2307 9977 2422 10043 necessario
2438 9998 2478 10047 pro
2489 9984 2560 10049 majo-

1651 10060 1690 10091 mo
1701 10043 1779 10091 caloris
1790 10041 1870 10091 robore
1876 10046 1899 10091 in
1904 10047 2000 10093 maxima
2006 10047 2097 10093 tenuita.
2105 10039 2108 10063 ³
2115 10046 2133 10091 n·
2144 10047 2238 10110 partium
2249 10044 2318 10095 consti
2334 10051 2405 10109 atione
2420 10047 2489 10117 ipsum
2504 10054 2561 10118 tingi

1650 10109 1720 10168 te,seu
1726 10114 1818 10160 raritate.
1836 10113 2096 10180 Siitaquelurnencolore
2115 10110 2237 10181 soedatique
2247 10065 2333 10164 necessi
2343 10114 2380 10165 est.
2403 10121 2509 10167 Oriuntut
2520 10123 2560 10187 igi-
2576 10137 2643 10180 origia

1650 10177 1715 10227 fuerit
1724 10182 1866 10229 imminutum
1878 10181 1914 10229 vel
1926 10184 1948 10230 in
1954 10199 1999 10231 non
2005 10200 2060 10251 pura
2065 10198 2096 10231 te
2115 10196 2150 10228 tur
2159 10182 2245 10231 colores
2254 10201 2282 10232 ex
2290 10184 2398 10253 diaphano
2403 10185 2507 10237 densioris
2513 10177 2611 10254 mem
2617 10192 2642 10266 ἐξ

1650 10250 1747 10306 unitate,
1757 10247 2096 10316 aperseffionesuinaturalitan.
2115 10248 2165 10308 dii,
2181 10268 2227 10299 non
2242 10256 2338 10320 quovis,
2354 10253 2388 10303 sed
2404 10254 2444 10303 illo
2471 10257 2516 10305 uod
2527 10261 2619 10306 tedredra

1651 10331 1675 10363 to
1687 10316 1734 10381 plus
1745 10316 1842 10375 recedit,
1855 10332 1938 10383 quanto
1948 10321 2019 10384 magis
2030 10318 2095 10369 suerit
2114 10320 2197 10367 nuitate
2213 10323 2305 10370 naturali
2321 10339 2378 10371 caret
2388 10359 2395 10390 ,
2411 10326 2444 10372 uti
2454 10273 2508 10374 lunt
2523 10344 2560 10375 ro-

1650 10387 1775 10432 imminutus
1786 10384 1864 10443 calor,
1891 10400 1984 10434 uantove
1995 10387 2094 10436 medium
2114 10384 2178 10435 scidae
2189 10388 2297 10438 nubes&
2310 10394 2381 10439 omnia
2397 10389 2521 10460 crystallina
2535 10397 2559 10443 in

1650 10450 1715 10500 suerit
1725 10451 1808 10501 denfins
1820 10402 1940 10522 rariusque,
1951 10454 2010 10503 unde
2021 10454 2105 10536 consep
2130 10455 2234 10507 udradius
2245 10456 2289 10509 sola
2294 10458 2424 10523 resraciiopis
2429 10463 2508 10511 virtute
2518 10462 2559 10513 dis-

1650 10537 1742 10587 quenter
1747 10521 1784 10569 lux
1788 10524 1905 10570 imminuta
1912 10522 2057 10592 languideque
2063 10542 2095 10573 ra.
2103 10538 2105 10585 ξ
2114 10472 2206 10591 sipatur:
2214 10544 2264 10576 iiam
2270 10527 2341 10576 radios
2346 10526 2422 10592 solares
2428 10534 2487 10579 resia
2492 10546 2559 10600 atque

1650 10592 1711 10637 tione
1716 10588 1860 10639 insufficientis
1866 10591 1956 10651 caloris,
1965 10595 2049 10660 impura
2054 10592 2095 10641 soe·
2103 10586 2106 10643 l
2113 10595 2240 10644 normaliter
2250 10599 2330 10644 vitrum
2338 10613 2488 10664 permeantes,
2499 10601 2559 10650 nulli

1651 10656 1746 10725 dataque
1757 10661 1839 10707 ratione
1844 10658 1947 10709 densioris
1952 10660 2055 10728 diaphaui
2063 10661 2094 10710 di·
2103 10644 2105 10717 l
2114 10665 2199 10711 ratione
2209 10664 2287 10713 scedasi
2299 10668 2411 10728 intuemur.
2436 10672 2471 10715 At
2487 10666 2503 10717 fi
2519 10687 2558 10737 per

1651 10725 1720 10774 tenda
1732 10725 1770 10774 est.
1793 10726 1830 10776 Est
1840 10730 1900 10777 enim
1911 10728 2004 10797 superius
2016 10724 2218 10799 proba-linaequale
2234 10732 2335 10782 densioris
2355 10738 2408 10799 aeris
2423 10734 2560 10804 diaphanum

1650 10793 2208 10858 tumhanclucemeffeessrcaciorem,vi·‘serantur
2224 10839 2230 10859 ,
2251 10818 2333 10868 quanto
2349 10806 2445 10868 intimius
2461 10807 2558 10873 penetrd-

1650 10861 1759 10931 sivamque
1770 10868 1891 10933 potentiam
1902 10865 2052 10919 vehementius
2063 10867 2094 10917 se
2102 10886 2105 10924 l
2112 10871 2167 10928 rint,
2179 10885 2239 10919 tanto
2245 10868 2367 10921 obscuriore
2379 10873 2557 10938 eploreinficiun-

2257 10941 2313 10988 ΚΖ
2469 10958 2558 11004 ,ταῖς
