9709 16609
1753 7572 1805 7620 τεο
1897 7557 2168 7617 Pursrotoma
2206 7546 2499 7609 Kracurnraua

1752 7662 1944 7729 proptetuirtutem
1949 7654 1994 7721 poli
1998 7670 2059 7701 terrae
2065 7654 2158 7719 proprii,
2169 7654 2192 7697 δι
2201 7674 2203 7703 ;
2212 7647 2316 7711 magnetis
2332 7662 2381 7711 pars
2396 7646 2493 7711 quamtis
2504 7642 2573 7690 minus
2583 7638 2653 7688 ualidi

2201 7706 2203 7715 i

1752 7725 1968 7795 magisdomiuantit,
1979 7724 2194 7785 autmagneticacor-
2213 7730 2279 7829 guam
2284 7713 2338 7781 poli.
2358 7718 2390 7761 At
2400 7708 2513 7777 postquam
2525 7726 2574 7757 acus
2584 7708 2654 7755 ferrea

1754 7812 1807 7864 pora
1817 7794 1935 7841 allicientis.

2203 7788 2205 7806 ³
2221 7780 2279 7829 emel
2291 7780 2356 7829 fitetit
2367 7778 2492 7827 affuerunt
2500 7778 2600 7844 polorum
2606 7792 2653 7823 ma-

1941 7859 2006 7907 XVI.
2203 7850 2296 7915 {guttim
2311 7864 2349 7896 aut
2360 7845 2474 7915 petiolum
2486 7845 2653 7912 applicationem

1789 7922 2037 7982 Siacusfertea‚imhuta
2043 7921 2128 7989 cuspide
2133 7924 2194 7969 unius
2205 7916 2312 7981 {fixeritah
2322 7934 2367 7964 uno
2379 7916 2432 7985 polo
2443 7917 2546 7970 amada,
2557 7910 2654 7959 trahetur

1754 8000 1832 8046 virtute
1844 7996 1904 8064 poli,
1918 8007 2053 8041 convertatur
2064 7991 2092 8039 ad
2102 7989 2194 8038 eundern
2205 7982 2244 8047 {ab
2250 7985 2288 8033 Illo
2293 7984 2411 8033 seeundum
2416 8000 2481 8031 unam
2486 7983 2653 8033 extremitatem,

1754 8066 1832 8134 polum
1837 8066 1937 8129 exdeapite
1943 8059 1978 8109 seu
1984 8075 2043 8126 parte
2049 8057 2154 8125 oppositi,
2161 8074 2195 8104 to
2205 8053 2330 8121 {repelletur
2345 8050 2373 8098 ab
2384 8052 2463 8098 eodem
2475 8050 2527 8117 polo
2538 8046 2653 8097 horridum

1756 8150 1778 8181 ta
1794 8136 1858 8180 vittus
1873 8146 1934 8177 antea
1950 8126 2055 8195 produdia
2070 8124 2194 8180 destiturum
2206 8122 2305 8169 {alteram
2326 8122 2490 8166 extremitatem.
2514 8118 2653 8167 Contrarium

1754 8197 1940 8268 quemadmodum
1958 8198 2024 8242 etiam
2041 8193 2057 8243 st
2075 8193 2156 8242 imbuta
2168 8190 2195 8239 ah
2215 8182 2610 8235 verofietmaltetememrmeaab
2622 8182 2653 8230 al-

1754 8285 1800 8315 uno
1806 8267 1858 8332 polo
1863 8263 1962 8331 cuspide,
1975 8277 2111 8311 eonvertatur
2118 8261 2195 8307 eadem
2206 8254 2328 8324 tetopolo.

1755 8350 1815 8402 parte
1831 8334 1857 8381 ad
1874 8334 2005 8380 contrarium
2022 8331 2104 8397 polum.
2122 8331 2146 8375 In
2162 8326 2207 8387 his}
2408 8324 2460 8369 XX.

1755 8405 1814 8450 enlm
1820 8400 1920 8450 omn'thus
1926 8401 1981 8447 mira
1987 8395 2017 8445 est
2039 8398 2139 8463 roprietas
2149 8410 2206 8441 ma
2251 8392 2272 8437 Si
2278 8404 2434 8454 acosmagnete
2440 8385 2497 8455 pnits
2503 8385 2585 8435 affridta
2597 8402 2655 8433 tran-

1755 8472 1846 8537 gnetica
1857 8470 1953 8523 vittatis,
1964 8416 2195 8533 quallmpermovetd
2216 8455 2405 8525 figatutpersuher
2415 8452 2582 8512 subuliffimum,
2598 8460 2621 8501 δι
2632 8469 2655 8499 a-

1755 8538 1833 8599 mediis
1853 8520 2655 8595 artibusadextremas,stuquod{quaeimponaturitautunaaclisparset-

1755 8606 1815 8654 idern
1821 8555 1860 8663 etl,
1865 8603 1893 8652 ah
1899 8618 2004 8670 aequatore
2010 8601 2036 8649 ad
2043 8595 2195 8665 polum,quas1
2217 8598 2410 8661 retexttaaquarm
2421 8594 2548 8640 alteraintra
2554 8588 2655 8645 eandem,

1755 8676 1768 8721 a
1780 8671 1951 8721 circumferentii
1962 8670 1989 8717 ad
2000 8663 2197 8732 centrumrespeeiu
2217 8677 2264 8727 pars
2275 8664 2334 8709 extri
2345 8659 2435 8709 existens
2446 8658 2474 8707 ab
2490 8676 2534 8706 uno
2550 8659 2657 8723 magnetis

1755 8739 1861 8802 eiusdem,
1876 8746 1897 8787 δι
1909 8740 2016 8786 contrario
2028 8732 2196 8799 modorespeetu
2217 8729 2269 8795 polo
2285 8728 2393 8785 trahetur,
2412 8726 2440 8775 ah
2456 8728 2524 8775 altero
2535 8724 2657 8791 fitgaliintr5

1754 8801 1846 8855 alterius.
1865 8806 1931 8854 Unde
1943 8808 2007 8853 etiarn
2017 8800 2109 8869 sequitur
2125 8804 2147 8848 itt
2163 8817 2196 8849 ra.
2217 8795 2321 8863 paraverit
2328 8793 2493 8851 trittenhem,
2505 8793 2520 8842 fi
2532 8797 2552 8841 ei
2562 8793 2658 8860 applico

1753 8874 1794 8923 diis
1812 8876 1893 8921 virtutIs
1909 8874 2033 8937 magnetica
2055 8869 2195 8917 reflexionem
2216 8880 2249 8912 tur
2255 8863 2342 8912 inferitis
2347 8863 2401 8910 alter
2406 8865 2513 8929 magnetis
2519 8861 2593 8927 polus,
2603 8859 2631 8907 ab
2642 8863 2658 8906 i-

1753 8942 1836 8990 nullam
1845 8937 1894 8998 eise,
1902 8939 1948 8987 irnd
1954 8936 1996 8986 esse
2003 8934 2153 9003 Impolhbilem
2159 8972 2166 8993 ,
2173 8941 2195 8983 &
2217 8930 2254 8999 pso
2260 8930 2363 8987 trahetur,
2368 8930 2395 8978 ab
2401 8931 2469 8977 altero
2476 8927 2589 8995 fugabimr.
2596 8928 2658 8977 Idem

1753 9013 1799 9058 vim
1805 9006 1911 9057 destruere
1916 9009 2013 9054 omnino.
2030 9006 2196 9071 Venimquira-
2216 8998 2313 9065 intellige
2330 8999 2359 9046 de
2369 8996 2460 9047 fmstulo
2471 8999 2578 9062 magnetis
2588 8994 2658 9045 suberi

1755 9077 1801 9126 dius
1807 9078 1849 9125 uni
1855 9092 1914 9144 parte
1920 9075 1997 9141 polum
2002 9074 2069 9121 aliurn
2075 9070 2166 9139 respicit,
2174 9077 2197 9119 &
2205 9064 2208 9111 l
2218 9065 2433 9136 pradidtoimposito,

1756 9136 2208 9211 inillumquoquetendit,idquenecelIa-¹
2405 9138 2468 9185 XXI.

1758 9212 1791 9261 rid
1803 9214 1884 9259 ratione
1896 9209 1995 9257 naturalis
2006 9208 2141 9265 diredlionis,
2152 9223 2211 9283 quaep
2254 9207 2342 9251 Ferrum
2347 9202 2493 9269 quodcunque
2500 9202 2595 9266 magneti
2603 9198 2661 9248 affri-

1758 9279 1853 9345 ejusdem
1866 9281 1910 9325 axis
1922 9292 2017 9325 extrema
2028 9278 2200 9341 inpartesoppo
2220 9269 2519 9337 etumaequititbinasfaeies·²
2526 9266 2660 9315 etiamsitam

1756 9348 1805 9396 sitas
1820 9344 1918 9399 ordinat,
1934 9350 1956 9391 δι
1968 9359 2032 9410 quem
2045 9346 2127 9389 ratione
2138 9345 2199 9388 unius
2218 9336 2434 9402 longumfit,utuna
2442 9333 2660 9384 extremitassrtextra

1755 9415 1801 9481 poli
1808 9412 1860 9459 facit
1867 9412 1950 9458 radium
1956 9410 2162 9465 damnatione
2168 9408 2199 9455 al·
2207 9406 2209 9461 ξ
2218 9403 2321 9470 sphaeram
2328 9406 2439 9451 affinitatis
2450 9406 2590 9468 magnetica,
2601 9417 2661 9468 patet

1756 9476 2102 9530 teriusfaeittnversumaconna.
2206 9462 2660 9537 lexeo,hnampaturferrumpropeextre-

1944 9547 2019 9595 XVII.
2208 9529 2210 9565 l
2220 9543 2316 9587 mitatem
2323 9554 2425 9604 magnete
2432 9543 2524 9587 tudam:
2537 9554 2589 9586 tone
2601 9541 2660 9585 enim

1794 9621 1852 9665 heus
1864 9614 1955 9663 versoria
1967 9616 1987 9661 in
2000 9611 2078 9679 pyxide
2086 9611 2198 9661 nautici&
2208 9605 2416 9675 {sentieturinalterl
2428 9609 2563 9655 extremitate
2575 9622 2661 9653 contra-

1757 9690 1781 9735 in
1793 9684 1910 9748 horologiis
1922 9680 2021 9729 solaribus
2032 9678 2122 9729 existens
2134 9716 2140 9737 ‚
2157 9680 2199 9747 qui
2219 9678 2249 9723 ria
2259 9674 2337 9733 facies,
2353 9675 2413 9742 quod
2425 9674 2440 9723 si
2451 9674 2532 9723 fenum
2538 9673 2661 9739 oblongum

1758 9769 1819 9821 parte
1826 9750 1993 9816 septentrionem
1999 9746 2079 9812 aspicit,
2084 9747 2167 9795 aceedit
2172 9746 2200 9795 ad
2209 9751 2211 9807 ξ
2220 9759 2321 9809 tangatur
2336 9745 2359 9791 in
2375 9742 2449 9792 medlo
2459 9741 2488 9791 ab
2498 9760 2543 9791 uno
2554 9744 2661 9808 magnetis

1758 9822 1835 9888 polum
1847 9817 1935 9883 lapidIs>
1946 9819 1983 9883 qui
1995 9814 2107 9862 meridiem
2114 9812 2201 9881 spedtat,
2209 9814 2212 9861 l
2221 9813 2287 9879 polo,
2298 9827 2388 9877 utraque
2398 9813 2521 9871 extremitas
2527 9809 2619 9857 eandem
2626 9826 2662 9856 ac-

1759 9894 1782 9937 &
1789 9886 1901 9953 lugiteum
1911 9886 1949 9951 qui
1960 9881 2140 9949 septentrionem,
2150 9899 2203 9929 eon-
2222 9880 2440 9946 quiretvertieitatem
2447 9876 2621 9945 ,utsupraetiam
2630 9876 2662 9923 di-

1759 9952 1848 10005 tri'verd
1853 9970 1880 10001 ex
1885 9952 1925 10000 alit
1931 9966 1991 10018 parte
1997 9986 2004 10008 ‚
2016 9952 2069 10017 qula
2080 9952 2103 9996 in
2113 9966 2202 10014 magne
2223 9950 2298 9995 ximus.

1760 10025 1808 10071 titis
1814 10024 1885 10069 amica
1890 10017 1982 10067 diversas
1993 10016 2069 10065 mundi
2079 10032 2147 10084 partes
2158 10015 2203 10084 spe-
2212 10064 2214 10081 Δ
2408 10018 2482 10063 XXII.

1760 10085 2018 10148 &anuinimieaeasdem
2212 10088 2214 10143 i
2250 10082 2664 10149 Magnesferroeommunitatvirtutem

1943 10156 2028 10205 XVIII.
2212 10148 2214 10225 l
2224 10149 2290 10208 suam,
2297 10154 2418 10219 iterumque
2424 10150 2506 10205 aufert,
2516 10147 2661 10218 modosupra«

1797 10228 1818 10274 Si
1825 10238 1893 10292 partes
1900 10222 1935 10271 seu
1940 10223 2085 10270 extremitates
2097 10222 2203 10286 magnetis
2213 10218 2285 10267 didio
2296 10238 2302 10265 ε
2314 10235 2338 10277 at
2349 10235 2437 10283 magnes
2449 10220 2546 10283 magneti
2557 10234 2597 10264 nec
2604 10234 2665 10264 com-

1761 10292 1955 10358 eireahinospolos
1967 10286 2081 10339 existentes
2093 10304 2204 10336 conteram
2225 10288 2321 10334 munitat
2336 10303 2378 10334 nec
2393 10284 2463 10343 aufert
2479 10289 2588 10333 virtutem.
2605 10287 2665 10332 Hine

1761 10377 1796 10409 tur
1802 10360 1887 10417 malleo,
1896 10355 2017 10406 &infrusta
2023 10359 2106 10404 minuta
2111 10356 2215 10423 pilorum}
2225 10370 2313 10419 magnes
2329 10371 2374 10401 non
2385 10353 2451 10402 trahit
2461 10353 2528 10401 alium
2540 10367 2665 10418 magnetem

1761 10426 1825 10477 instar
1837 10427 1973 10493 redigantur,
1985 10424 2043 10473 idern
2050 10424 2205 10491 polusmagne
2225 10420 2342 10470 secundum
2353 10420 2474 10489 quamlibet
2486 10438 2568 10488 partem
2576 10456 2583 10479 ‚
2592 10418 2629 10469 sed
2634 10417 2666 10467 so

1762 10494 2022 10550 tieuseiIdemadmotus,
2033 10492 2075 10540 alia
2080 10491 2166 10557 quidem
2172 10485 2215 10558 att-⁴}
2225 10490 2272 10538 liam
2277 10488 2396 10538 secundum
2401 10490 2463 10555 polos
2470 10488 2583 10537 diffimIIes.

1763 10563 1841 10621 trahet,
1847 10564 1886 10610 alia
1892 10560 1943 10609 vero
1949 10560 2045 10627 repellet.
2213 10560 2216 10633 I
2404 10561 2489 10607 XXIII.

1956 10632 2019 10677 XIX.
2260 10629 2348 10676 Petrum
2360 10643 2464 10692 magnum
2476 10642 2521 10675 non
2532 10619 2603 10691 potest
2614 10626 2668 10671 reci-

1796 10702 1888 10763 Magnes
1894 10714 1938 10745 non
1944 10692 2216 10763 repellitfertummagne-{
2226 10709 2276 10760 pere
2287 10696 2388 10741 virtutem
2400 10699 2412 10741 a
2424 10708 2526 10758 magnete
2538 10708 2603 10758 parvo
2612 10728 2619 10749 ,
2629 10689 2669 10739 sal-

1763 10780 1786 10815 te
1792 10768 1849 10831 prius
1855 10782 1899 10812 non
1904 10764 2018 10821 affriettnn,
2023 10762 2060 10812 sed
2065 10779 2154 10829 uterqie
2160 10756 2215 10821 eius?
2227 10778 2271 10809 tem
2283 10758 2415 10817 notabilem3
2426 10761 2485 10809 unde
2491 10762 2625 10825 quantumvis
2632 10758 2669 10807 diu

1764 10834 1827 10901 polus
1842 10831 1928 10880 attrahit
1943 10830 2010 10899 ipsum
2023 10854 2030 10889 3
2047 10834 2094 10879 imo
2104 10828 2205 10897 quaelihet
2226 10828 2363 10896 multumque
2374 10827 2575 10894 fenumpraedirum
2581 10827 2670 10875 fricetur

2641 10890 2670 10943 ab
